

@BOOK{hubaoqing,
    Address        = {武汉},
    Author         = {胡宝清},
    Publisher      = {武汉大学出版社},
    Title          = {模糊理论基础},
    Year           = {2004}
}
@ARTICLE{cctlatex,
    Author         = {张林波},
    Month          = {12},
    Title          = {CCT 的~\LaTeXe\ 中文文档类},
    Year           = {2003}
}
