@MISC{jisuanshuomoban,
    Author         = {葛向阳，张林波},
    Month          = {10},
    Title          = {中国科学院计算数学与科学工程计算研究所学位论文~\LaTeX\ 模版（试行）},
    Year           = {2004}
}

@MISC{qingquanmoban,
    Author         = {清泉},
    Month          = {6},
    Title          = {清泉的硕博士模版},
    Year           = {2003}
}

@BOOK{latex:deng,
    Address        = {北京},
    Author         = {邓建松，彭冉冉，陈长松},
    Month          = {9},
    Publisher      = {科学出版社},
    Title          = {\LaTeXe{} 科技排版指南},
    Year           = {2001}
}

@ARTICLE{cctlatex,
    Author         = {张林波},
    Month          = {12},
    Title          = {CCT 的~\LaTeXe\ 中文文档类},
    Year           = {2003}
}

@BOOK{lshort:en,
    Author         = {Tobias Oetiker and Hubert Partl and Irene Hyna and Elisabeth Schlegl},
    Month          = {12},
    Title          = {The Not So Short Introduction to \LaTeXe{}},
    Year           = {2002}
}

