@BOOK{BEZOS02,
  AUTHOR     = "J. Bezos",
  FULLAUTHOR = "Javier Bezos",
  TITLE      = "The titlesec and titletoc Packages",
  MONTH      = "March",
  YEAR       = "2002",
  Pages      = "10--20", 
}

@BOOK{OOSTRUM01,
  AUTHOR     = "{P. Oostrum, ifuleyou@bbs.ctex.org~译}",
  FULLAUTHOR = "Piet van Oostrum",
  TITLE      = "{\LaTeX}下的页面布局",
  MONTH      = "August",
  YEAR       = "2001",
  Pages      = "10--20", 
}

@ARTICLE{SHELL02,
  AUTHOR     = "Michael Shell",
  TITLE      = "How to Use the {IEEEtran \LaTeX} Class",
  JOURNAL    = "Journal of {\LaTeX} Class Files",
  VOLUME     = "1",
  NUMBER     = "11",
  MONTH      = "November",
  YEAR       = "2002",
  Pages      = "10--20", 
}

@BOOK{TEXGURU99,
  AUTHOR     = "{\TeX}Guru",
  TITLE      = "{\LaTeX 2$\varepsilon$}用户手册",
  YEAR       = "1999",
  Pages      = "10--20", 
}

@BOOK{WANG00,
  AUTHOR     = "{K. Reckdahl~原著, 王磊~译}",
  FULLAUTHOR = "Keith Reckdahl, 王磊~译",
  TITLE      = "Using Import graphics in {\LaTeX 2$\varepsilon$}, {\LaTeX 2$\varepsilon$}插图指南",
  YEAR       = "2000",
  Pages      = "10--20", 
}
