%%%%%%%%%%%%%%%%%%%%%%%%%%%%%%%%%%%%%%%%%%%%%%%%%%%%%%%%%%%%%%%%%%%%%%%%%
%
%   LaTeX File for Doctor (Master) Thesis of Tsinghua University
%   LaTeX + CJK     清华大学博士（硕士）论文模板
%   Based on Wang Tianshu's Template for XJTU
%   Version: 1.75
%   Last Update: 2004-04-12
%
%%%%%%%%%%%%%%%%%%%%%%%%%%%%%%%%%%%%%%%%%%%%%%%%%%%%%%%%%%%%%%%%%%%%%%%%%
%   Copyright 2002-2004  by  Lei Wang (BaconChina)       (bcpub@sina.com)
%%%%%%%%%%%%%%%%%%%%%%%%%%%%%%%%%%%%%%%%%%%%%%%%%%%%%%%%%%%%%%%%%%%%%%%%%

%%%%%%%%%%%%%%%%%%%%%%%%%%%%%%%%%%%%%%%%%%%%%%%%%%%%%%%%%%%%%%%%%%%%%%%%%
%
%   LaTeX File for phd thesis of xi'an Jiao Tong University
%
%%%%%%%%%%%%%%%%%%%%%%%%%%%%%%%%%%%%%%%%%%%%%%%%%%%%%%%%%%%%%%%%%%%%%%%%%
%   Copyright 2002  by  Wang Tianshu    (tswang@asia.com)
%%%%%%%%%%%%%%%%%%%%%%%%%%%%%%%%%%%%%%%%%%%%%%%%%%%%%%%%%%%%%%%%%%%%%%%%%

%
%The bibitems are sorted by pulication date and author name.
%

@BOOK{BEZOS02,
  AUTHOR =       "J. Bezos",
  FULLAUTHOR =   "Javier Bezos",
  TITLE =        "The titlesec and titletoc Packages",
  MONTH =        "March",
  YEAR =         "2002",
}

@ARTICLE{ELIDRISSI94,
  AUTHOR =       "Elidrissi, M.C. and Roney, A. and Frigon, C. and et al",
  TITLE =        "Measurements of total kinetic-energy released to the {N=2}
  dissociation limit of {H}$_2$ - evidence of the dissociation of very high vibrational
  {R}ydberg states of {H}$_2$ by doubly-excited states",
  JOURNAL =      "Chem. Phys. Lett.",
  PAGES =         "260-266",
  VOLUME =       "224",
  YEAR =         "1994",
}

@ARTICLE{MELLINGER96,
  AUTHOR =       "Mellinger, A. and Vidal, C.R. and Jungen, Ch.",
  TITLE =        "Laser reduced fluorescence study of the carbon-monoxide nd triplet
  {R}ydberg series - experimental results and multichannel quantum-defect analysis",
  JOURNAL =      "J. Chem. Phys.",
  PAGES =         "8913-8921",
  VOLUME =       "104",
  YEAR =         "1996",
}

@BOOK{OOSTRUM01,
  AUTHOR =       "{P. Oostrum, ifuleyou@bbs.ctex.org~译}",
  FULLAUTHOR =   "Piet van Oostrum",
  TITLE =        "{\LaTeX}下的页面布局",
  MONTH =        "August",
  YEAR =         "2001",
}

@ARTICLE{SHELL02,
  AUTHOR =       "Michael Shell",
  TITLE =        "How to Use the {IEEEtran \LaTeX} Class",
  JOURNAL =      "Journal of {\LaTeX} Class Files",
  VOLUME =       "1",
  NUMBER =       "11",
  MONTH =        "November",
  YEAR =         "2002",
}

@BOOK{TEXGURU99,
  AUTHOR =       "{\TeX}Guru",
  TITLE =        "{\LaTeX 2$\varepsilon$}用户手册",
  YEAR =         "1999",
}

@BOOK{WANG00,
  AUTHOR =       "{K. Reckdahl~原著, 王磊~译}",
  FULLAUTHOR =   "Keith Reckdahl, 王磊~译",
  TITLE =        "Using Import graphics in {\LaTeX 2$\varepsilon$}, {\LaTeX 2$\varepsilon$}插图指南",
  YEAR =         "2000",
}
